<record xmlns="http://www.loc.gov/MARC21/slim" xmlns:xsi="http://www.w3.org/2001/XMLSchema-instance" xsi:schemaLocation="http://www.loc.gov/MARC21/slim http://www.loc.gov/standards/marcxml/schema/MARC21slim.xsd"><leader>02980nam a2200433   4500</leader><controlfield tag="001">001689255</controlfield><controlfield tag="003">NNU</controlfield><controlfield tag="006">m        d        </controlfield><controlfield tag="007">cr cn |||m|||a</controlfield><controlfield tag="008">150223m19051911ua      o     000 0 ara d</controlfield><datafield ind1=" " ind2=" " tag="040"><subfield code="a">NNU</subfield><subfield code="b">eng</subfield><subfield code="e">rda</subfield><subfield code="c">NNU</subfield></datafield><datafield ind1=" " ind2="4" tag="050"><subfield code="a">BP130.4</subfield><subfield code="b">.T28</subfield></datafield><datafield ind1="0" ind2=" " tag="100"><subfield code="6">880-01</subfield><subfield code="a">T&#803;abari&#772;,</subfield><subfield code="d">838?-923.</subfield></datafield><datafield ind1="1" ind2="0" tag="240"><subfield code="6">880-02</subfield><subfield code="a">Ja&#772;mi&#699; al-baya&#772;n &#699;an ta&#700;wi&#772;l ay al-Qur&#700;a&#772;n</subfield></datafield><datafield ind1="1" ind2="0" tag="245"><subfield code="6">880-03</subfield><subfield code="a">Min Kita&#772;b Ja&#772;mi&#699; al-baya&#772;n fi&#772; tafsi&#772;r al-Qur&#700;an&#772; /</subfield><subfield code="c">ta&#700;li&#772;f Abi&#772; Ja&#699;far Muh&#803;ammad ibn Jari&#772;r al-T&#803;abari&#772;. Wa-bi-ha&#772;mishihi tafsi&#772;r Ghara&#772;&#700;ib al-Qur&#700;a&#772;n wa-ragha&#772;&#700;ib al-furqa&#772;n / li-Niz&#803;a&#772;m al-Di&#772;n al-H&#803;asan ibn Muh&#803;ammad ibn H&#803;usayn al-Qummi&#772; al-Ni&#772;sa&#772;bu&#772;ri&#772;.</subfield></datafield><datafield ind1="3" ind2="0" tag="246"><subfield code="6">880-04</subfield><subfield code="a">Kita&#772;b Ja&#772;mi&#699; al-baya&#772;n fi&#772; tafsi&#772;r al-Qur&#700;an&#772;</subfield></datafield><datafield ind1="3" ind2=" " tag="246"><subfield code="6">880-05</subfield><subfield code="a">Ghara&#772;&#700;ib al-Qur&#700;a&#772;n wa-ragha&#772;&#700;ib al-furqa&#772;n</subfield></datafield><datafield ind1=" " ind2=" " tag="260"><subfield code="6">880-06</subfield><subfield code="a">Mis&#803;r :</subfield><subfield code="b">al-Mat&#803;ba&#699;ah al-Kubra&#769; al-Ami&#772;ri&#772;yah,</subfield><subfield code="c">1323-1329 [1905-1911]</subfield></datafield><datafield ind1=" " ind2=" " tag="300"><subfield code="a">online resource (30 volumes in 10)</subfield></datafield><datafield ind1=" " ind2=" " tag="336"><subfield code="a">text</subfield><subfield code="2">rdacontent</subfield></datafield><datafield ind1=" " ind2=" " tag="337"><subfield code="a">computer</subfield><subfield code="2">rdamedia</subfield></datafield><datafield ind1=" " ind2=" " tag="338"><subfield code="a">online resource</subfield><subfield code="2">rdacarrier</subfield></datafield><datafield ind1=" " ind2=" " tag="500"><subfield code="a">Part of the Arabic Collections Online (ACO) project, contributed by New York Univeristy Libraries.</subfield></datafield><datafield ind1=" " ind2=" " tag="533"><subfield code="a">Electronic reproduction.</subfield><subfield code="b">New York, N.Y. :</subfield><subfield code="c">New York University,</subfield><subfield code="d">2015.</subfield><subfield code="5">NNU</subfield></datafield><datafield ind1="0" ind2="0" tag="630"><subfield code="a">Qur&#700;an</subfield><subfield code="x">Commentaries</subfield><subfield code="v">Early works to 1800.</subfield></datafield><datafield ind1="1" ind2="2" tag="700"><subfield code="6">880-07</subfield><subfield code="a">Ni&#772;sa&#772;bu&#772;ri&#772;, Niz&#803;a&#772;m al-Di&#772;n al-H&#803;asan ibn Muh&#803;ammad,</subfield><subfield code="d">-1328 or 1329.</subfield><subfield code="t">Ghara&#772;&#700;ib al-Qur&#700;a&#772;n wa-ragha&#772;&#700;ib al-Furqa&#772;n.</subfield></datafield><datafield ind1="2" ind2=" " tag="710"><subfield code="a">New York University.</subfield><subfield code="b">Libraries.</subfield></datafield><datafield ind1="0" ind2=" " tag="730"><subfield code="a">Arabic Collections Online.</subfield></datafield><datafield ind1="0" ind2="8" tag="776"><subfield code="i">Print version:</subfield><subfield code="a">T&#803;abari&#772;, 838?-923.</subfield><subfield code="t">Min Kita&#772;b Ja&#772;mi&#699; al-baya&#772;n fi&#772; tafsi&#772;r al-Qur&#700;an&#772;</subfield><subfield code="w">(NNU)001689255</subfield></datafield><datafield ind1="4" ind2="0" tag="856"><subfield code="u">http://hdl.handle.net/2333.1/j3tx987v</subfield></datafield><datafield ind1="0" ind2=" " tag="880"><subfield code="6">100-01/</subfield><subfield code="a">&#1591;&#1576;&#1585;&#1609;.</subfield></datafield><datafield ind1="1" ind2="0" tag="880"><subfield code="6">240-02/</subfield><subfield code="a">&#1580;&#1575;&#1605;&#1593; &#1575;&#1604;&#1576;&#1610;&#1575;&#1606; &#1593;&#1606; &#1578;&#1571;&#1608;&#1610;&#1604; &#1575;&#1610; &#1575;&#1604;&#1602;&#1585;&#1570;&#1606;</subfield></datafield><datafield ind1="1" ind2="0" tag="880"><subfield code="6">245-03/</subfield><subfield code="a">&#1605;&#1606; &#1603;&#1578;&#1575;&#1576; &#1580;&#1575;&#1605;&#1593; &#1575;&#1604;&#1576;&#1610;&#1575;&#1606; &#1601;&#1609; &#1578;&#1601;&#1587;&#1610;&#1585; &#1575;&#1604;&#1602;&#1585;&#1570;&#1606; /</subfield><subfield code="c">&#1578;&#1571;&#1604;&#1610;&#1601; &#1571;&#1576;&#1609; &#1580;&#1593;&#1601;&#1585; &#1605;&#1581;&#1605;&#1583; &#1576;&#1606; &#1580;&#1585;&#1610;&#1585; &#1575;&#1604;&#1591;&#1576;&#1585;&#1609;. &#1608;&#1576;&#1607;&#1575;&#1605;&#1588;&#1607; &#1576;&#1601;&#1587;&#1610;&#1585; &#1594;&#1585;&#1575;&#1574;&#1576; &#1575;&#1604;&#1602;&#1585;&#1570;&#1606; &#1608;&#1585;&#1594;&#1575;&#1574;&#1576; &#1575;&#1604;&#1601;&#1585;&#1602;&#1575;&#1606; / &#1604;&#1606;&#1592;&#1575;&#1605; &#1575;&#1604;&#1583;&#1610;&#1606; &#1575;&#1604;&#1581;&#1587;&#1606; &#1576;&#1606; &#1605;&#1581;&#1605;&#1583; &#1576;&#1606; &#1581;&#1587;&#1610;&#1606; &#1575;&#1604;&#1602;&#1605;&#1609; &#1575;&#1604;&#1606;&#1610;&#1587;&#1575;&#1576;&#1608;&#1585;&#1610;.</subfield></datafield><datafield ind1="3" ind2="0" tag="880"><subfield code="6">246-04/</subfield><subfield code="a">&#1603;&#1578;&#1575;&#1576; &#1580;&#1575;&#1605;&#1593; &#1575;&#1604;&#1576;&#1610;&#1575;&#1606; &#1601;&#1610; &#1578;&#1601;&#1587;&#1610;&#1585; &#1575;&#1604;&#1602;&#1585;&#1571;&#1606;</subfield></datafield><datafield ind1="3" ind2=" " tag="880"><subfield code="6">246-05/</subfield><subfield code="a">&#1594;&#1585;&#1575;&#1574;&#1576; &#1575;&#1604;&#1602;&#1585;&#1570;&#1606; &#1608;&#1585;&#1594;&#1575;&#1574;&#1576; &#1575;&#1604;&#1601;&#1585;&#1602;&#1575;&#1606;</subfield></datafield><datafield ind1=" " ind2=" " tag="880"><subfield code="6">260-06/</subfield><subfield code="a">&#1605;&#1589;&#1585; :</subfield><subfield code="b">&#1575;&#1604;&#1605;&#1591;&#1576;&#1593;&#1577; &#1575;&#1604;&#1603;&#1576;&#1585;&#1609; &#1575;&#1604;&#1571;&#1605;&#1610;&#1585;&#1610;&#1577;&#1548;</subfield><subfield code="c">&#1633;&#1635;&#1634;&#1635;-&#1633;&#1635;&#1634;&#1641;.</subfield></datafield><datafield ind1="1" ind2="2" tag="880"><subfield code="6">700-07/</subfield><subfield code="a">&#1606;&#1610;&#1587;&#1575;&#1576;&#1608;&#1585;&#1610;&#1548; &#1606;&#1592;&#1575;&#1605; &#1575;&#1604;&#1583;&#1610;&#1606; &#1575;&#1604;&#1581;&#1587;&#1606; &#1576;&#1606; &#1605;&#1581;&#1605;&#1583;&#1548;</subfield><subfield code="d">-1328 or 1329.</subfield><subfield code="t">&#1594;&#1585;&#1575;&#1574;&#1576; &#1575;&#1604;&#1602;&#1585;&#1570;&#1606; &#1608;&#1585;&#1594;&#1575;&#1574;&#1576; &#1575;&#1604;&#1601;&#1585;&#1602;&#1575;&#1606;.</subfield></datafield><datafield ind1=" " ind2=" " tag="959"><subfield code="a">NNU</subfield><subfield code="b">WEB</subfield><subfield code="c">GENI</subfield><subfield code="t">0</subfield><subfield code="m">Electronic access</subfield><subfield code="s">01</subfield></datafield><datafield ind1=" " ind2=" " tag="999"><subfield code="i">NNU_001689255</subfield><subfield code="s">nyu_aco000158:v.1</subfield><subfield code="s">nyu_aco000159:v.2</subfield><subfield code="s">nyu_aco000160:v.3-4</subfield><subfield code="s">nyu_aco000161:v.5-6</subfield><subfield code="s">nyu_aco000162:v.7-9</subfield><subfield code="s">nyu_aco000163:v.10-13</subfield><subfield code="s">nyu_aco000164:v.14-17</subfield><subfield code="s">nyu_aco000165:v.18-22</subfield><subfield code="s">nyu_aco000166:v.23-27</subfield><subfield code="s">nyu_aco000167:v.28-30</subfield></datafield></record>